@inproceedings{aho1983notions,
  title={On notions of information transfer in {VLSI} circuits},
  author={Aho, Alfred V and Ullman, Jeffrey D and Yannakakis, Mihalis},
  booktitle={Proceedings of the fifteenth annual {ACM} symposium on Theory of computing},
  pages={133--139},
  year={1983}
}